@book{BooktagYear,
	title = {Title of the Book},
	author = {Name MI. BookAuthor},
	year = {year},
	publisher = {Name of the Publisher},
}
@online{1,
	author = {Kanako Iuchi and Yasuhito Jibiki and Renato Solidum and Ramon Santiago},
	title = {Natural Hazard Governance in the Philippines},
	year = {2019},
	publisher = {Oxford University Press},
	url = {https://oxfordre.com/naturalhazardscience/display/10.1093/acrefore/9780199389407.001.0001/acrefore-9780199389407-e-233},
	urldate = {2024-09-06}
}

@article{2,
	title = {Emergency shelter allocation planning technology for large-scale evacuation based on quantum genetic algorithm},
	author = {Yang Yin  and Xiangcheng Zhao  and Wei Lv},
	year = {2023},
	journaltitle = {Frontiers in Public Health},
	volume = {10},
	series = {},
	number = {},
	pages = {p2-p3}
}

@article{3,
	title={Genetic algorithm},
	author={Mathew, Tom V},
	year={2012},
	journaltitle={IIT Bombay},
	volume={53},
}

@inbook{InbookTagYear, 
	title={Title of the Part/Chapter/Article Being Cited}, 
	author={Name InbookAuthor}, 
	booktitle={Title of the Book Where the Part/Chapter/Article is found}, 
	editor={Name M. InbookEditor}, 
	publisher={Cambridge University Press}, 
	place={Place of Publication}, 
	year={year}, 
	pages={p1â€“p2}, 
	collection={British School at Rome Studies},
	series={British School at Rome Studies}, 
}

@InProceedings{ProceedingsTag,
	title="Title of the Article in the Prceeding",
	author="ProcAuthor1, Name and ProcAuthor2, Name",
	editor="ProcEditor 1, Name1 and ProcEditor2, Name2 and ProcEditor3, Name3",
	booktitle="Title of the Book Containing the Proceedings",
	year="year",
	publisher="Name of the Publisher",
	address="Location of Publisher",
	pages="p1--p2",
}

@thesis{ThesisTag,
	author = {Name ThesisAuthor},
	title = {Title of the Thesis},
	type = {Undergraduate/Masteral Thesis or Dissertation},
	school = {Name of the College or Unviersity},
	year = {year},
	address = {Location/Country/Province of the Unviersity},
	url = {https://www.complete.website.link.if.available},
}

